@article{Hagen2000TheBioinformatics,
    title = {{The origins of bioinformatics}},
    year = {2000},
    journal = {Nature Reviews Genetics},
    author = {Hagen, Joel B},
    number = {3},
    pages = {231--236},
    volume = {1},
    publisher = {Plenum},
    note = {\mbox{doi}:10.1038/35042090}
}

@article{Hillmer2015SystemsBiologists,
    title = {{Systems Biology for Biologists}},
    year = {2015},
    journal = {PLoS Pathogens},
    author = {Hillmer, Rachel A.},
    number = {5},
    pages = {1--7},
    volume = {11},
    note = {\mbox{doi}:10.1371/journal.ppat.1004786}
}